@online{repetico,
  author={{Repetico}},
  title={{Angewandte biometrische Systeme}},
  note={{Verfügbar unter: \url{https://www.repetico.de/card-62896876},
  (02. Mai 2020).}}
}

@online{biometrictemplate_intro,
  author={{Wikipedia}},
  title={{Biometric Template Protection}},
  note={{Verfügbar unter: \url{https://de.wikipedia.org/wiki/Biometric_Template_protection}, 
  (02. Mai 2020).}}
}

@book{fuzzy_commitment,
  title={{Security with noisy data}},
  author={{Ari Juels}},
  year={2007},
  publisher={{Springer-Verlag}}
}

@book{online_signatures,
  author={{Alisher Kholmatov, Berrin Yanikoglu}},
  title={{Biometric Cryptosystem Using Online Signatures}},
  year={2006},
  publisher={{Springer-Verlag}}
}

@online{kaspersky,
  author={{Kaspersky}},
  title={{Was ist Biometrie?}},
  note={{Verfügbar unter: \url{https://www.kaspersky.de/resource-center/definitions/biometrics},
  (01. Mai 2020).}}
}

@online{norton,
  author={{Norton}},
  title={{Biometrics and biometric data: What is it and is it secure?}},
  note={{Verfügbar unter: \url{https://us.norton.com/internetsecurity-iot-biometrics-how-do-they-work-are-they-safe.html},
  (03. Mai 2020).}}
}

@online{reisepass,
  author={{Wikipedia}},
  title={{Biometrischer Reisepass}},
  note={{Verfügbar unter: \url{https://de.wikipedia.org/wiki/Biometrischer_Reisepass},
  (2. Mai 2020). }}
}

@online{michigan,
  author={{Umut Uludag, Sharath, Pankanti, Anil K. Jain}},
  title={{Fuzzy Vault for Fingerprints}},
  note={{Verfügbar unter: \url{http://citeseerx.ist.psu.edu/viewdoc/download?doi=10.1.1.73.5939&rep=rep1&type=pdf},
  (30. April 2020). }}
}

@online{Researchgate,
  author={{Marko Kompara}},
  title={{Key distribution solution based on fuzzy vault scheme}},
  note={{Verfügbar unter: \url{https://www.researchgate.net/figure/Key-distribution-solution-based-on-fuzzy-vault-scheme-112_fig1_321080531},
  (). }}
}

  

